<record><leader>00000cas a22000007a 4500</leader><controlfield tag="001">30524985</controlfield><controlfield tag="008">940531d18811909azudn ne      0   a0eng d</controlfield><datafield ind1=" " ind2=" " tag="010"><subfield code="a">sn 94052368 </subfield></datafield><datafield ind1=" " ind2=" " tag="040"><subfield code="a">CUY</subfield><subfield code="b">eng</subfield><subfield code="c">CNK</subfield><subfield code="d">ANN</subfield><subfield code="d">OCLCQ</subfield><subfield code="d">ANN</subfield><subfield code="d">OCLCQ</subfield><subfield code="d">OCLCF</subfield><subfield code="d">OCLCO</subfield></datafield><datafield ind1="1" ind2=" " tag="029"><subfield code="a">AU@</subfield><subfield code="b">000012203943</subfield></datafield><datafield ind1=" " ind2=" " tag="042"><subfield code="a">msc</subfield></datafield><datafield ind1=" " ind2=" " tag="043"><subfield code="a">n-us-az</subfield></datafield><datafield ind1="0" ind2="0" tag="245"><subfield code="a">Prescott morning courier.</subfield></datafield><datafield ind1="1" ind2=" " tag="246"><subfield code="i">Published as:</subfield><subfield code="a">Prescott evening courier</subfield><subfield code="f">Feb. 22, 1909-Mar 2, 1909</subfield></datafield><datafield ind1=" " ind2=" " tag="260"><subfield code="a">Prescott, Yavapai County, Ariz. :</subfield><subfield code="b">J.H. Marion,</subfield><subfield code="c">-1909.</subfield></datafield><datafield ind1=" " ind2=" " tag="300"><subfield code="a">v.</subfield></datafield><datafield ind1=" " ind2=" " tag="310"><subfield code="a">Daily (except Fri. and Sun.),</subfield><subfield code="b">&lt;Jan. 4, 1897&gt;-Mar. 2, 1909</subfield></datafield><datafield ind1=" " ind2=" " tag="321"><subfield code="a">Daily (Except Sun.),</subfield><subfield code="b">&lt;Jan. 1, 1887&gt;-&lt;Dec. 31, 1896&gt;</subfield></datafield><datafield ind1="1" ind2=" " tag="362"><subfield code="a">Began 1881.</subfield></datafield><datafield ind1="0" ind2=" " tag="362"><subfield code="a">-v. 53, no. 46 (Mar. 2, 1909).</subfield></datafield><datafield ind1=" " ind2=" " tag="588"><subfield code="a">Description based on: Vol. 11, no. 1 (Jan. 1, 1887).</subfield></datafield><datafield ind1=" " ind2="0" tag="651"><subfield code="a">Prescott (Ariz.)</subfield><subfield code="v">Newspapers.</subfield></datafield><datafield ind1=" " ind2="0" tag="651"><subfield code="a">Yavapai County (Ariz.)</subfield><subfield code="v">Newspapers.</subfield></datafield><datafield ind1=" " ind2="7" tag="655"><subfield code="a">Newspapers.</subfield><subfield code="2">fast</subfield><subfield code="0">(OCoLC)fst01423814</subfield></datafield><datafield ind1=" " ind2="7" tag="651"><subfield code="a">Arizona</subfield><subfield code="z">Prescott.</subfield><subfield code="2">fast</subfield><subfield code="0">(OCoLC)fst01210000</subfield></datafield><datafield ind1=" " ind2="7" tag="651"><subfield code="a">Arizona</subfield><subfield code="z">Yavapai County.</subfield><subfield code="2">fast</subfield><subfield code="0">(OCoLC)fst01217120</subfield></datafield><datafield ind1=" " ind2=" " tag="752"><subfield code="a">United States</subfield><subfield code="b">Arizona</subfield><subfield code="c">Yavapai</subfield><subfield code="d">Prescott.</subfield></datafield><datafield ind1="0" ind2=" " tag="775"><subfield code="t">Prescott weekly courier (Prescott, Ariz. : 1882)</subfield><subfield code="w">(DLC)sn 95060710</subfield></datafield><datafield ind1="0" ind2="0" tag="785"><subfield code="t">Prescott courier (Prescott, Ariz. : 1909)</subfield><subfield code="w">(DLC)sn 95060716</subfield></datafield></record>